<?xml version="1.0" encoding="UTF-8"?><collection xmlns="http://www.loc.gov/MARC21/slim"><record><leader>00393nam--2200145-i-4500</leader><controlfield tag="001">000013065</controlfield><controlfield tag="002">20161230</controlfield><controlfield tag="005">20170206152213</controlfield><controlfield tag="008">060222s1000------------r-----000-0-eng-d</controlfield><datafield ind1=" " ind2=" " tag="100"><subfield code="a">Breban, Vasile</subfield></datafield><datafield ind1=" " ind2=" " tag="245"><subfield code="a">Dictionar al limbii romane contemporane de uz curent</subfield></datafield><datafield ind1=" " ind2=" " tag="260"><subfield code="a">Bucuresti</subfield><subfield code="b">Ed.Stiint.Si Encicl</subfield><subfield code="c">1980-1986</subfield></datafield><datafield ind1=" " ind2=" " tag="300"><subfield code="a">680 p</subfield></datafield><datafield ind1=" " ind2=" " tag="852"><subfield code="a">801.3=590</subfield></datafield><datafield ind1=" " ind2=" " tag="CAT"><subfield code="a">SYS</subfield><subfield code="c">20170206</subfield><subfield code="h">152213</subfield></datafield></record></collection>